@article{schwartz:1983a,
  title={On the “piano movers'” problem I. The case of a two-dimensional rigid polygonal body moving amidst polygonal barriers},
  author={Schwartz, Jacob T and Sharir, Micha},
  journal={Communications on pure and applied mathematics},
  volume={36},
  number={3},
  pages={345--398},
  year={1983},
  publisher={Wiley Online Library}
}

@book{canny1988,
  title={The complexity of robot motion planning},
  author={Canny, John},
  year={1988},
  publisher={MIT press}
}

@misc{ enwiki:fg,
    author = "{Wikipedia contributors}",
    title = "Fundamental group --- {Wikipedia}{,} The Free Encyclopedia",
    year = "2023",
    howpublished = "\url{https://en.wikipedia.org/w/index.php?title=Fundamental_group&oldid=1154908639}",
    note = "[Online; accessed 17-May-2023]"
  }

@book{lavalle2006planning,
  title={Planning algorithms},
  author={LaValle, Steven M},
  year={2006},
  publisher={Cambridge university press}
}

